%YAML 1.1
%TAG !u! tag:unity3d.com,2011:
--- !u!114 &4038690552334678307
MonoBehaviour:
  m_ObjectHideFlags: 0
  m_CorrespondingSourceObject: {fileID: 0}
  m_PrefabInstance: {fileID: 0}
  m_PrefabAsset: {fileID: 0}
  m_GameObject: {fileID: 2052628623866494176}
  m_Enabled: 1
  m_EditorHideFlags: 0
  m_Script: {fileID: 11500000, guid: db627d6bbdc87306a8895612da89771e, type: 3}
  m_Name: 
  m_EditorClassIdentifier: 
  amount: 3
  speed: 1
--- !u!1 &8984187280782814794
GameObject:
  m_ObjectHideFlags: 0
  m_CorrespondingSourceObject: {fileID: 0}
  m_PrefabInstance: {fileID: 0}
  m_PrefabAsset: {fileID: 0}
  serializedVersion: 6
  m_Component:
  - component: {fileID: 8984187280782814792}
  - component: {fileID: 8984187280782814793}
  - component: {fileID: 1361146442}
  m_Layer: 0
  m_Name: BoxCollectionPoint
  m_TagString: Untagged
  m_Icon: {fileID: 0}
  m_NavMeshLayer: 0
  m_StaticEditorFlags: 0
  m_IsActive: 1
--- !u!4 &8984187280782814792
Transform:
  m_ObjectHideFlags: 0
  m_CorrespondingSourceObject: {fileID: 0}
  m_PrefabInstance: {fileID: 0}
  m_PrefabAsset: {fileID: 0}
  m_GameObject: {fileID: 8984187280782814794}
  m_LocalRotation: {x: 0, y: 0, z: 0, w: 1}
  m_LocalPosition: {x: 0, y: 1, z: 0}
  m_LocalScale: {x: 1, y: 1, z: 1}
  m_Children:
  - {fileID: 4609756083174715550}
  m_Father: {fileID: 0}
  m_RootOrder: 0
  m_LocalEulerAnglesHint: {x: 0, y: 0, z: 0}
--- !u!114 &8984187280782814793
MonoBehaviour:
  m_ObjectHideFlags: 0
  m_CorrespondingSourceObject: {fileID: 0}
  m_PrefabInstance: {fileID: 0}
  m_PrefabAsset: {fileID: 0}
  m_GameObject: {fileID: 8984187280782814794}
  m_Enabled: 1
  m_EditorHideFlags: 0
  m_Script: {fileID: 11500000, guid: 8d755bde24f04ca0ab9a023ad5e58ea6, type: 3}
  m_Name: 
  m_EditorClassIdentifier: 
  moveSpawner: {fileID: 0}
  type: 0
  vehicles: []
  boxes: []
  icon: {fileID: 2052628623866494176}
  iconText: {fileID: 8605758250571471517}
  prefab: {fileID: 6715058542958303583, guid: 470fe87350073695195e28c3eb010901, type: 3}
  spawnPoint: {x: 0, y: 0, z: 0}
  numBoxes: 7
  numStacks: 3
  spacing: 1
  random_spacing: 0.5
  random_rot_amount: 25
  poofPrefab: {fileID: 4375123171508718481, guid: 00fbd100b836502f196ef77b67b0b270,
    type: 3}
--- !u!135 &1361146442
SphereCollider:
  m_ObjectHideFlags: 0
  m_CorrespondingSourceObject: {fileID: 0}
  m_PrefabInstance: {fileID: 0}
  m_PrefabAsset: {fileID: 0}
  m_GameObject: {fileID: 8984187280782814794}
  m_Material: {fileID: 0}
  m_IsTrigger: 1
  m_Enabled: 1
  serializedVersion: 2
  m_Radius: 12
  m_Center: {x: 0, y: 0, z: 0}
--- !u!1001 &6722388687029318832
PrefabInstance:
  m_ObjectHideFlags: 0
  serializedVersion: 2
  m_Modification:
    m_TransformParent: {fileID: 8984187280782814792}
    m_Modifications:
    - target: {fileID: 4699187624598882384, guid: bbeede40c8d466ac7a15573cf56058e0,
        type: 3}
      propertyPath: m_Name
      value: CollectionPointIcon
      objectReference: {fileID: 0}
    - target: {fileID: 7112200168563246126, guid: bbeede40c8d466ac7a15573cf56058e0,
        type: 3}
      propertyPath: m_LocalPosition.x
      value: 0
      objectReference: {fileID: 0}
    - target: {fileID: 7112200168563246126, guid: bbeede40c8d466ac7a15573cf56058e0,
        type: 3}
      propertyPath: m_LocalPosition.y
      value: 8
      objectReference: {fileID: 0}
    - target: {fileID: 7112200168563246126, guid: bbeede40c8d466ac7a15573cf56058e0,
        type: 3}
      propertyPath: m_LocalPosition.z
      value: 0
      objectReference: {fileID: 0}
    - target: {fileID: 7112200168563246126, guid: bbeede40c8d466ac7a15573cf56058e0,
        type: 3}
      propertyPath: m_LocalRotation.x
      value: 0
      objectReference: {fileID: 0}
    - target: {fileID: 7112200168563246126, guid: bbeede40c8d466ac7a15573cf56058e0,
        type: 3}
      propertyPath: m_LocalRotation.y
      value: 1
      objectReference: {fileID: 0}
    - target: {fileID: 7112200168563246126, guid: bbeede40c8d466ac7a15573cf56058e0,
        type: 3}
      propertyPath: m_LocalRotation.z
      value: 0
      objectReference: {fileID: 0}
    - target: {fileID: 7112200168563246126, guid: bbeede40c8d466ac7a15573cf56058e0,
        type: 3}
      propertyPath: m_LocalRotation.w
      value: 0
      objectReference: {fileID: 0}
    - target: {fileID: 7112200168563246126, guid: bbeede40c8d466ac7a15573cf56058e0,
        type: 3}
      propertyPath: m_RootOrder
      value: 0
      objectReference: {fileID: 0}
    - target: {fileID: 7112200168563246126, guid: bbeede40c8d466ac7a15573cf56058e0,
        type: 3}
      propertyPath: m_LocalEulerAnglesHint.x
      value: 0
      objectReference: {fileID: 0}
    - target: {fileID: 7112200168563246126, guid: bbeede40c8d466ac7a15573cf56058e0,
        type: 3}
      propertyPath: m_LocalEulerAnglesHint.y
      value: 180
      objectReference: {fileID: 0}
    - target: {fileID: 7112200168563246126, guid: bbeede40c8d466ac7a15573cf56058e0,
        type: 3}
      propertyPath: m_LocalEulerAnglesHint.z
      value: 0
      objectReference: {fileID: 0}
    - target: {fileID: 7112200168563246126, guid: bbeede40c8d466ac7a15573cf56058e0,
        type: 3}
      propertyPath: m_LocalScale.x
      value: 10
      objectReference: {fileID: 0}
    - target: {fileID: 7112200168563246126, guid: bbeede40c8d466ac7a15573cf56058e0,
        type: 3}
      propertyPath: m_LocalScale.y
      value: 10
      objectReference: {fileID: 0}
    - target: {fileID: 7112200168563246126, guid: bbeede40c8d466ac7a15573cf56058e0,
        type: 3}
      propertyPath: m_LocalScale.z
      value: 10
      objectReference: {fileID: 0}
    - target: {fileID: 2442224642714370055, guid: bbeede40c8d466ac7a15573cf56058e0,
        type: 3}
      propertyPath: m_Mesh
      value: 
      objectReference: {fileID: 0}
    m_RemovedComponents: []
  m_SourcePrefab: {fileID: 100100000, guid: bbeede40c8d466ac7a15573cf56058e0, type: 3}
--- !u!1 &2052628623866494176 stripped
GameObject:
  m_CorrespondingSourceObject: {fileID: 4699187624598882384, guid: bbeede40c8d466ac7a15573cf56058e0,
    type: 3}
  m_PrefabInstance: {fileID: 6722388687029318832}
  m_PrefabAsset: {fileID: 0}
--- !u!4 &4609756083174715550 stripped
Transform:
  m_CorrespondingSourceObject: {fileID: 7112200168563246126, guid: bbeede40c8d466ac7a15573cf56058e0,
    type: 3}
  m_PrefabInstance: {fileID: 6722388687029318832}
  m_PrefabAsset: {fileID: 0}
--- !u!114 &8605758250571471517 stripped
MonoBehaviour:
  m_CorrespondingSourceObject: {fileID: 3037523383396838957, guid: bbeede40c8d466ac7a15573cf56058e0,
    type: 3}
  m_PrefabInstance: {fileID: 6722388687029318832}
  m_PrefabAsset: {fileID: 0}
  m_GameObject: {fileID: 0}
  m_Enabled: 1
  m_EditorHideFlags: 0
  m_Script: {fileID: 708705254, guid: f70555f144d8491a825f0804e09c671c, type: 3}
  m_Name: 
  m_EditorClassIdentifier: 
